<?xml version="1.0" encoding="UTF-8"?><record xmlns="http://www.loc.gov/MARC21/slim" xmlns:cinclude="http://apache.org/cocoon/include/1.0" xmlns:zs="http://www.loc.gov/zing/srw/">
  <leader>00624cz  a2200169n  4500</leader>
  <controlfield tag="001">n  82161383 </controlfield>
  <controlfield tag="003">DLC</controlfield>
  <controlfield tag="005">20160526075254.0</controlfield>
  <controlfield tag="008">830223n| azannaabn          |a aaa      </controlfield>
  <datafield tag="010" ind1=" " ind2=" ">
    <subfield code="a">n  82161383 </subfield>
  </datafield>
  <datafield tag="035" ind1=" " ind2=" ">
    <subfield code="a">(OCoLC)oca00857300</subfield>
  </datafield>
  <datafield tag="040" ind1=" " ind2=" ">
    <subfield code="a">DLC</subfield>
    <subfield code="b">eng</subfield>
    <subfield code="e">rda</subfield>
    <subfield code="c">DLC</subfield>
    <subfield code="d">DLC</subfield>
    <subfield code="d">ItFiC</subfield>
  </datafield>
  <datafield tag="100" ind1="1" ind2=" ">
    <subfield code="a">Gregotti, Vittorio</subfield>
  </datafield>
  <datafield tag="400" ind1="1" ind2=" ">
    <subfield code="a">Gregotti, V.</subfield>
    <subfield code="q">(Vittorio)</subfield>
  </datafield>
  <datafield tag="670" ind1=" " ind2=" ">
    <subfield code="a">His New directions in Italian architecture, 1968.</subfield>
  </datafield>
  <datafield tag="670" ind1=" " ind2=" ">
    <subfield code="a">His Dentro l'architettura, 1991:</subfield>
    <subfield code="b">t.p. (Vittorio Gregotti) spine (V. Gregotti)</subfield>
  </datafield>
  <datafield tag="670" ind1=" " ind2=" ">
    <subfield code="a">Biog. resource center (Contemp. designers), Nov. 1, 2007</subfield>
    <subfield code="b">(Vittorio Gregotti; b. Aug. 10, 1927, Novara, Italy)</subfield>
  </datafield>
</record>